@book{YCSB,
	author = {Cooper, Brian F. and Silberstein, Adam and Tam, Erwin and Ramakrishnan, Raghu and Sears, Russell},
	title = {{Benchmarking cloud serving systems with YCSB}},
	year = {2010},
	month = {Jun},
	isbn = {978-1-4503-0036-0},
	publisher = {ACM},
	url = {http://dl.acm.org/citation.cfm?id=1807128.1807152},
	doi = {10.1145/1807128.1807152},
	keywords = {benchmarking, cloud serving database}
}

@misc{CRDB-2017,
	author = {Kashif Rabbani and Ivan Putera MASLI},
	title = {{CockroachDB - NewSQL Distributed, Cloud Native Database}},
	year = {2017},
	month = {Dec},
    howpublished={Dosegljivo: \url{http://cs.ulb.ac.be/public/_media/teaching/cockroachdb_2017.pdf}},
	note = {[Dostopano: 20. 5. 2018]},
	url = {http://cs.ulb.ac.be/public/_media/teaching/cockroachdb_2017.pdf}
}

@misc{Benchmarking-GCS-CRDB-NuoDB,
	key = {{Benchmarking Google Cloud Spanner, CockroachDB, and NuoDB}},
	title = {{Benchmarking Google Cloud Spanner, CockroachDB, and NuoDB}},
	journal = {NuoDB},
	year = {2017},
	month = {Sep},
    howpublished={Dosegljivo: \url{https://www.nuodb.com/techblog/benchmarking-google-cloud-spanner-cockroachdb-nuodb}},
	note = {[Dostopano: 20. 5. 2018]},
	url = {https://www.nuodb.com/techblog/benchmarking-google-cloud-spanner-cockroachdb-nuodb}
}

@misc{CRDB-ntpd-configuration,
	key = {{Deploy CockroachDB On-Premises {$\vert$} CockroachDB}},
	title = {{Deploy CockroachDB On-Premises {$\vert$} CockroachDB}},
	year = {2018},
	month = {May},
    howpublished={Dosegljivo: \url{https://www.cockroachlabs.com/docs/stable/deploy-cockroachdb-on-premises.html#step-1-synchronize-clocks}},
	note = {[Dostopano: 20. 5. 2018]},
	url = {https://www.cockroachlabs.com/docs/stable/deploy-cockroachdb-on-premises.html#step-1-synchronize-clocks}
}

@misc{Docker-Swarm-Mode,
	key = {{Swarm mode overview}},
	title = {{Swarm mode overview}},
	journal = {Docker Documentation},
	year = {2018},
	month = {May},
    howpublished={Dosegljivo: \url{https://docs.docker.com/engine/swarm}},
	note = {[Dostopano: 20. 5. 2018]},
	url = {https://docs.docker.com/engine/swarm},
	keywords = {docker, container, cluster, swarm}
}

@misc{YCSB-core-workloads,
	key = {{YCSB - Core Workloads}},
	title = {{YCSB - Core Workloads}},
	journal = {GitHub},
	year = {2018},
	month = {May},
    howpublished={Dosegljivo: \url{https://github.com/brianfrankcooper/YCSB/wiki/Core-Workloads}},
	note = {[Dostopano: 21. 5. 2018]},
	url = {https://github.com/brianfrankcooper/YCSB/wiki/Core-Workloads}
}

@article{NewSqlInMemoryAnalytics,
	author = {Duggirala, Siddhartha},
	title = {{Chapter Two - NewSQL Databases and Scalable In-Memory Analytics}},
	journal = {Advances in Computers},
	volume = {109},
	pages = {49--76},
	year = {2018},
	month = {Jan},
	issn = {0065-2458},
	publisher = {Elsevier},
    url = {http://www.sciencedirect.com/science/article/pii/S0065245818300135},
	url = {http://www.sciencedirect.com/science/article/pii/S0065245818300135},
	doi = {10.1016/bs.adcom.2018.01.004},
	keywords = {Distributed databases, NoSQL, NewSQL, IMDB, Cloud, MVCC, 2PL, HANA, VoltDB, Logging, Indexes}
}

@misc{brianfrankcooper/YCSB,
	key = {{brianfrankcooper/YCSB}},
	title = {{brianfrankcooper/YCSB}},
	journal = {GitHub},
	year = {2018},
	month = {May},
    howpublished={Dosegljivo: \url{https://github.com/brianfrankcooper/YCSB}},
	note = {[Dostopano: 27. 5. 2018]},
	url = {https://github.com/brianfrankcooper/YCSB}
}

@misc{matjazmav/diploma-ycsb,
	key = {{matjazmav/diploma-ycsb}},
	title = {{matjazmav/diploma-ycsb}},
	journal = {GitHub},
	year = {2018},
	month = {May},
    howpublished={Dosegljivo: \url{https://github.com/matjazmav/diploma-ycsb}},
	note = {[Dostopano: 27. 5. 2018]},
	url = {https://github.com/matjazmav/diploma-ycsb}
}

@misc{Golang,
	key = {{The Go Programming Language}},
	title = {{The Go Programming Language}},
	year = {2018},
	month = {May},
    howpublished={Dosegljivo: \url{https://golang.org}},
	note = {[Dostopano: 27. 5. 2018]},
	url = {https://golang.org}
}

@misc{Ansible,
	author = {Ansible, Red Hat},
	title = {{Ansible is Simple IT Automation}},
	year = {2018},
	month = {May},
    howpublished={Dosegljivo: \url{https://www.ansible.com}},
	note = {[Dostopano: 27. 5. 2018]},
	url = {https://www.ansible.com}
}

@misc{Postgres-first-release,
	key = {{PostgreSQL: Happy Birthday, PostgreSQL!}},
	title = {{PostgreSQL: Happy Birthday, PostgreSQL!}},
	year = {2018},
	month = {Jun},
    howpublished={Dosegljivo: \url{https://www.postgresql.org/about/news/978}},
	note = {[Dostopano: 3. 6. 2018]},
	url = {https://www.postgresql.org/about/news/978}
}

@misc{CRDB-releases,
	key = {{Releases {$\vert$} CockroachDB}},
	title = {{Releases {$\vert$} CockroachDB}},
	year = {2018},
	month = {Jun},
    howpublished={Dosegljivo: \url{https://www.cockroachlabs.com/docs/releases}},
	note = {[Dostopano: 3. 6. 2018]},
	url = {https://www.cockroachlabs.com/docs/releases}
}

@misc{CRDB-design,
	key = {{CockroachDB Design}},
	title = {{CockroachDB Design}},
	journal = {GitHub},
	year = {2018},
	month = {Jun},
    howpublished={Dosegljivo: \url{https://github.com/cockroachdb/cockroach/blob/master/docs/design.md}},
	note = {[Dostopano: 3. 6. 2018]},
	url = {https://github.com/cockroachdb/cockroach/blob/master/docs/design.md}
}

@misc{CRDB-YCSB-perf-analisis,
	key = {{YCSB performance analisis {$\cdot$} Issue {\#}26137 {$\cdot$} cockroachdb/cockroach}},
	title = {{YCSB performance analisis {$\cdot$} Issue {\#}26137 {$\cdot$} cockroachdb/cockroach}},
	journal = {GitHub},
	year = {2018},
	month = {Jun},
    howpublished={Dosegljivo: \url{https://github.com/cockroachdb/cockroach/issues/26137}},
	note = {[Dostopano: 3. 6. 2018]},
	url = {https://github.com/cockroachdb/cockroach/issues/26137}
}

@misc{CRDB-TPCC-perforamance-report,
	key = {{CockroachDB TPC-C Performance {$\vert$} Cockroach Labs Guides}},
	title = {{CockroachDB TPC-C Performance {$\vert$} Cockroach Labs Guides}},
	journal = {Cockroach Labs},
	year = {2018},
	month = {Jun},
    howpublished={Dosegljivo: \url{https://www.cockroachlabs.com/guides/cockroachdb-performance}},
	note = {[Dostopano: 3. 6. 2018]},
	url = {https://www.cockroachlabs.com/guides/cockroachdb-performance}
}

@misc{Citus-add-coordinator,
	key = {{Cluster Management {\ifmmode --- \else \textemdash \fi} Citus Docs 7.4 documentation}},
	title = {{Cluster Management {\ifmmode --- \else \textemdash \fi} Citus Docs 7.4 documentation}},
	year = {2018},
	month = {Jun},
    howpublished={Dosegljivo: \url{https://docs.citusdata.com/en/v7.4/admin_guide/cluster_management.html#adding-a-coordinator}},
	note = {[Dostopano: 10. 6. 2018]},
	url = {https://docs.citusdata.com/en/v7.4/admin_guide/cluster_management.html#adding-a-coordinator}
}

@article{oliveira2017newsql,
  title={NewSQL Databases},
  author={Oliveira, Jo{\~a}o and Bernardino, Jorge},
  url={http://www.scitepress.org/Papers/2017/65189/65189.pdf},
  year={2017}
}

@article{Pavlo2016Sep,
	author = {Pavlo, Andrew and Aslett, Matthew},
	title = {{What's Really New with NewSQL?}},
	journal = {SIGMOD Rec.},
	volume = {45},
	number = {2},
	pages = {45--55},
	year = {2016},
	month = {Sep},
	issn = {0163-5808},
	publisher = {ACM},
	url = {http://dl.acm.org/citation.cfm?id=3003665.3003674},
	url = {https://dl.acm.org/citation.cfm?id=3003674},
	doi = {10.1145/3003665.3003674}
}

@article{harding2017evaluation,
 author = {Harding, Rachael and Van Aken, Dana and Pavlo, Andrew and Stonebraker, Michael},
 title = {An Evaluation of Distributed Concurrency Control},
 journal = {Proc. VLDB Endow.},
 issue_date = {January 2017},
 volume = {10},
 number = {5},
 month = jan,
 year = {2017},
 issn = {2150-8097},
 pages = {553--564},
 numpages = {12},
 url = {https://doi.org/10.14778/3055540.3055548},
 doi = {10.14778/3055540.3055548},
 acmid = {3055548},
 publisher = {VLDB Endowment},
} 

@inproceedings{kaur2017performance,
  title={Performance evaluation of NewSQL databases},
  author={Kaur, Karambir and Sachdeva, Monika},
  booktitle={Inventive Systems and Control (ICISC), 2017 International Conference on},
  pages={1--5},
  year={2017},
  organization={IEEE},
  url = {https://ieeexplore.ieee.org/abstract/document/8068585/}
}

@misc{NewSQLNewWayToHandleBigData,
	key = {NewSQL — The New Way to Handle Big Data},
	title = {NewSQL — The New Way to Handle Big Data},
	journal = {Open Source For You},
	year = {2012},
	month = {Jan},
    howpublished={Dosegljivo: \url{https://opensourceforu.com/2012/01/newsql-handle-big-data}},
	note = {[Dostopano: 23. 6. 2018]},
	url = {https://opensourceforu.com/2012/01/newsql-handle-big-data}
}

@misc{Kumar2018Jun,
	author = {Kumar, Rakesh},
	title = {{NewSQL Databases: Scalable RDBMS for OLTP Needs to Handle Big Data}},
	year = {2018},
	month = {Jun},
    howpublished={Dosegljivo: \url{https://www.academia.edu/13363206/NewSQL_Databases_Scalable_RDBMS_for_OLTP_Needs_to_Handle_Big_Data}},
	note = {[Dostopano: 23. 6. 2018]},
	url = {https://www.academia.edu/13363206/NewSQL_Databases_Scalable_RDBMS_for_OLTP_Needs_to_Handle_Big_Data}
}

@misc{Mikuletic2015Feb,
	author = {Mikuleti{\ifmmode\check{c}\else\v{c}\fi}, Marko},
	title = {{Comparison of relational, NoSQL and NewSQL databases}},
	year = {2015},
	month = {Feb},
    howpublished={Dosegljivo: \url{http://eprints.fri.uni-lj.si/2925}},
	url = {http://eprints.fri.uni-lj.si/2925},
	keywords = {relational database, SQL, NoSQL, NewSQL, ACID, CAP, BASE, computer}
}

@article{MainMemoryDatabaseSystems,
  title={Main memory database systems},
  author={Faerber, Franz and Kemper, Alfons and Larson, Per-{\AA}ke and Levandoski, Justin and Neumann, Thomas and Pavlo, Andrew and others},
  journal={Foundations and Trends{\textregistered} in Databases},
  volume={8},
  number={1-2},
  pages={1--130},
  year={2017},
  publisher={Now Publishers, Inc.}
}


@article{rudolf2017sql,
  title={SQL, noSQL or newSQL--comparison and applicability for Smart Spaces},
  author={Rudolf, Christoph},
  journal={Network Architectures and Services},
  year={2017},
  url={https://www.net.in.tum.de/fileadmin/TUM/NET/NET-2017-05-1/NET-2017-05-1_06.pdf}
}

@article{garcia1992main,
  title={Main memory database systems: An overview},
  author={Garcia-Molina, Hector and Salem, Kenneth},
  journal={IEEE Transactions on knowledge and data engineering},
  volume={4},
  number={6},
  pages={509--516},
  year={1992},
  publisher={IEEE},
  url={https://ieeexplore.ieee.org/abstract/document/180602/}
}

@misc{WikiSharding,
	key = {{Shard (database architecture) - Wikipedia}},
	title = {{Shard (database architecture) - Wikipedia}},
	year = {2018},
	month = {Jun},
    howpublished={Dosegljivo: \url{https://en.wikipedia.org/wiki/Shard_%28database_architecture%29}},
	note = {[Dostopano: 28. 6. 2018]},
	url = {https://en.wikipedia.org/wiki/Shard_%28database_architecture%29}
}

@misc{HighAvailabilityDatabase,
	key = {{High-Availability Database (HA DB)}},
	title = {{High-Availability Database (HA DB)}},
	year = {2018},
	month = {Jun},
    howpublished={Dosegljivo: \url{https://raima.com/rdme-high-availability-database}},
	note = {[Dostopano: 30. 6. 2018]},
	url = {https://raima.com/rdme-high-availability-database}
}

@article{Mohan:1992:ATR:128765.128770,
 author = {Mohan, C. and Haderle, Don and Lindsay, Bruce and Pirahesh, Hamid and Schwarz, Peter},
 title = {ARIES: A Transaction Recovery Method Supporting Fine-granularity Locking and Partial Rollbacks Using Write-ahead Logging},
 journal = {ACM Trans. Database Syst.},
 issue_date = {March 1992},
 volume = {17},
 number = {1},
 month = mar,
 year = {1992},
 issn = {0362-5915},
 pages = {94--162},
 numpages = {69},
 url = {http://doi.acm.org/10.1145/128765.128770},
 doi = {10.1145/128765.128770},
 acmid = {128770},
 publisher = {ACM},
 address = {New York, NY, USA},
 keywords = {buffer management, latching, locking, space management, write-ahead logging},
} 

@phdthesis{zheng2014fast,
  title={Fast checkpoint and recovery techniques for an in-memory database},
  author={Zheng, Wenting},
  year={2014},
  school={Massachusetts Institute of Technology}
}

@misc{cockroachdb/cockroach,
	key = {{cockroachdb/cockroach}},
	title = {{cockroachdb/cockroach}},
	journal = {GitHub},
	year = {2018},
	month = {Jul},
    howpublished={Dosegljivo: \url{https://github.com/cockroachdb/cockroach}},
	note = {[Dostopano: 16. 7. 2018]},
	url = {https://github.com/cockroachdb/cockroach}
}

@misc{CRDB-FAQ,
	key = {{Frequently Asked Questions {$\vert$} CockroachDB}},
	title = {{Frequently Asked Questions {$\vert$} CockroachDB}},
	year = {2018},
	month = {Jul},
    howpublished={Dosegljivo: \url{https://www.cockroachlabs.com/docs/stable/frequently-asked-questions.html}},
	note = {[Dostopano: 16. 7. 2018]},
	url = {https://www.cockroachlabs.com/docs/stable/frequently-asked-questions.html},
	keywords = {postgres, cassandra, google cloud spanner}
}

@misc{siliconangle-crdb-raises27M,
	key = {{Cockroach Labs raises {\ifmmode\$\else\textdollar\fi}27M and launches enterprise version - SiliconANGLE}},
	title = {{Cockroach Labs raises {\ifmmode\$\else\textdollar\fi}27M and launches enterprise version - SiliconANGLE}},
    howpublished={Dosegljivo: \url{https://siliconangle.com/blog/2017/05/10/cockroach-labs-raises-27m-launches-enterprise-version}},
	note = {[Dostopano: 16. 7. 2018]},
	keywords = {Duncan Riley, SiliconANGLE, Cockroach Labs raises {\ifmmode\$\else\textdollar\fi}27M and launches enterprise version}
}

@article{Corbett:2013:SGG:2518037.2491245,
 author = {Corbett, James C. and Dean, Jeffrey and Epstein, Michael and Fikes, Andrew and Frost, Christopher and Furman, J. J. and Ghemawat, Sanjay and Gubarev, Andrey and Heiser, Christopher and Hochschild, Peter and Hsieh, Wilson and Kanthak, Sebastian and Kogan, Eugene and Li, Hongyi and Lloyd, Alexander and Melnik, Sergey and Mwaura, David and Nagle, David and Quinlan, Sean and Rao, Rajesh and Rolig, Lindsay and Saito, Yasushi and Szymaniak, Michal and Taylor, Christopher and Wang, Ruth and Woodford, Dale},
 title = {Spanner: Google\&Rsquo;s Globally Distributed Database},
 journal = {ACM Trans. Comput. Syst.},
 issue_date = {August 2013},
 volume = {31},
 number = {3},
 month = aug,
 year = {2013},
 issn = {0734-2071},
 pages = {8:1--8:22},
 articleno = {8},
 numpages = {22},
 url = {http://doi.acm.org/10.1145/2491245},
 doi = {10.1145/2491245},
 acmid = {2491245},
 publisher = {ACM},
 address = {New York, NY, USA},
 keywords = {Distributed databases, concurrency control, replication, time management, transactions},
} 

@article{demirbas2014logical,
  title={Logical Physical Clocks and Consistent Snapshots in Globally Distributed Databases},
  author={Demirbas, Murat and Leone, Marcelo and Avva, Bharadwaj and Madeppa, Deepak and Kulkarni, Sandeep},
  year={2014}
}

@misc{CRDB-distributed-transactions,
	key = {{Distributed Transactions in CockroachDB - Spencer Kimball at dotScale 2016}},
	title = {{Distributed Transactions in CockroachDB - Spencer Kimball at dotScale 2016}},
	journal = {dotConferences},
	year = {2018},
	month = {Jul},
	howpublished = {Dosegljivo: \url{https://www.dotconferences.com/2016/05/spencer-kimball-distributed-transactions-in-cockroachdb}},
	note = {[Dostopano: 24. 7. 2018]},
	url = {https://www.dotconferences.com/2016/05/spencer-kimball-distributed-transactions-in-cockroachdb},
	keywords = {dotConferences, talks, dev, tech, video, conference, Paris}
}

@misc{CRDB-blog-transaction-isolation,
	key = {{Serializable, Lockless, Distributed: Isolation in CockroachDB}},
	title = {{Serializable, Lockless, Distributed: Isolation in CockroachDB}},
    howpublished={Dosegljivo: \url{https://www.cockroachlabs.com/blog/serializable-lockless-distributed-isolation-cockroachdb}},
	note = {[Dostopano: 24. 7. 2018]}
}

@misc{CRDB-MVCC&2PC,
	key = {{CockroachDB 2-phase commits with or without blocking?}},
	title = {{CockroachDB 2-phase commits with or without blocking?}},
    howpublished={Dosegljivo: \url{https://stackoverflow.com/questions/43398803/cockroachdb-2-phase-commits-with-or-without-blocking}},
	note = {[Dostopano: 26. 7. 2018]}
}

@misc{CRDB-1.0-db-night ,
	key = {{Building CockroachDB 1.0 [Database Night - 2017]}},
	title = {{Building CockroachDB 1.0 [Database Night - 2017]}},
	note = {[Dostopano: 27. 7. 2018]},
	howpublished={Dosegljivo: \url{https://www.cockroachlabs.com/community/tech-talks/building-cockroachdb1dot1}}
}

@misc{CRDB-sql-features,
	key = {{SQL Feature Support in CockroachDB v2.0 {$\vert$} CockroachDB}},
	title = {{SQL Feature Support in CockroachDB v2.0 {$\vert$} CockroachDB}},
	note = {[Dostopano: 29. 7. 2018]},
	howpublished={Dosegljivo: \url{https://www.cockroachlabs.com/docs/v2.0/sql-feature-support.html}}
}

@misc{CRDB-limitations,
	key = {{Known Limitations in {$\vert$} CockroachDB}},
	title = {{Known Limitations in {$\vert$} CockroachDB}},
	note = {[Dostopano: 11. 8. 2018]},
	howpublished={Dosegljivo: \url{https://www.cockroachlabs.com/docs/stable/known-limitations.html}}
}

@misc{CRDB-meta-vizualizers,
	key = {{sql: Database Visualizers List {$\cdot$} Issue {\#}25467 {$\cdot$} cockroachdb/cockroach}},
	title = {{sql: Database Visualizers List {$\cdot$} Issue {\#}25467 {$\cdot$} cockroachdb/cockroach}},
	howpublished={Dosegljivo:  \url{https://github.com/cockroachdb/cockroach/issues/25467}},
	note = {[Dostopano: 3. 8. 2018]}
}

@misc{CRDB-meta-drivers-orms,
	key = {{sql: Driver {\&} ORM List {$\cdot$} Issue {\#}25468 {$\cdot$} cockroachdb/cockroach}},
	title = {{sql: Driver {\&} ORM List {$\cdot$} Issue {\#}25468 {$\cdot$} cockroachdb/cockroach}},
	howpublished={Dosegljivo:  \url{https://github.com/cockroachdb/cockroach/issues/25468}},
	note = {[Dostopano: 3. 8. 2018]}
}

@misc{CRDB-home,
	key = {{Cockroach Labs}},
	title = {{Cockroach Labs}},
	howpublished={Dosegljivo:  \url{https://www.cockroachlabs.com}},
	note = {[Dostopano: 3. 8. 2018]}
}

@misc{CRDB-gitter,
	key = {{Gitter - cockroachdb/cockroach}},
	title = {{Gitter - cockroachdb/cockroach}},
	howpublished={Dosegljivo:  \url{https://gitter.im/cockroachdb/cockroach}},
	note = {[Dostopano: 3. 8. 2018]}
}

@misc{CRDB-docker,
	key = {{cockroachdb's Profile - Docker Store}},
	title = {{cockroachdb's Profile - Docker Store}},
	howpublished={Dosegljivo:  \url{https://store.docker.com/profiles/cockroachdb}},
	note = {[Dostopano: 3. 8. 2018]}
}

@misc{TPC-home,
	key = {{TPC-Homepage V5}},
	title = {{TPC-Homepage V5}},
	howpublished = {Dosegljivo: \url{http://www.tpc.org/}},
	note = {[Dostopano: 6. 8. 2018]}
}

@misc{CRDB-jepsen,
	key = {{Jepsen: CockroachDB beta-20160829}},
	title = {{Jepsen: CockroachDB beta-20160829}},
	howpublished = {Dosegljivo: \url{https://jepsen.io/analyses/cockroachdb-beta-20160829}},
	note = {[Dostopano: 8. 8. 2018]}
}

@misc{CRDB-jepsen-diy,
	key = {{DIY Jepsen Testing CockroachDB}},
	title = {{DIY Jepsen Testing CockroachDB}},
	howpublished = {Dosegljivo: \url{https://www.cockroachlabs.com/blog/diy-jepsen-testing-cockroachdb/#from-si-to-linearizability}},
	note = {[Dostopano: 8. 8. 2018]}
}

@misc{linearizability-vs-serializability,
	key = {{Linearizability versus Serializability {$\vert$} Peter Bailis}},
	title = {{Linearizability versus Serializability {$\vert$} Peter Bailis}},
	howpublished = {Dosegljivo: \url{http://www.bailis.org/blog/linearizability-versus-serializability}},
	note = {[Dostopano: 8. 8. 2018]}
}

@article{grim2016consistency,
  title={Consistency analysis of CockroachDB under fault injection},
  author={Grim, Max Wouter},
  journal={Science},
  year={2016}
}

@article{aroradynamic,
  title={Dynamic Timestamp Allocation for Reducing Transaction Aborts},
  author={Arora, Vaibhav and Babu, Ravi Kumar Suresh and Maiyya, Sujaya and Agrawal, Divyakant and El Abbadi, Amr and Xue, Xun and Zhiyanan, Zhujianfeng}
}

@misc{PingCAP-home,
	key = {{PingCAP - TiDB}},
	title = {{PingCAP - TiDB}},
	howpublished = {Dosegljivo: \url{https://www.pingcap.com/en}},
	note = {[Dostopano: 12. 8. 2018]}
}

@misc{cockroachdb/loadgen,
	key = {{cockroachdb/loadgen}},
	title = {{cockroachdb/loadgen}},
	howpublished = {Dosegljivo: \url{https://github.com/cockroachdb/loadgen}},
	note = {[Dostopano: 12. 8. 2018]}
}

@misc{CRDB-tpcc-vs-aurora,
	key = {{CockroachDB is 10x more scalable than Amazon Aurora for OLTP workloads}},
	title = {{CockroachDB is 10x more scalable than Amazon Aurora for OLTP workloads}},
	howpublished = {Dosegljivo: \url{https://www.cockroachlabs.com/blog/performance-part-two}},
	note = {[Dostopano: 12. 8. 2018]}
}

@misc{CRDB-sql-standard,
	key = {{Detailed SQL Standard Comparison {$\vert$} CockroachDB}},
	title = {{Detailed SQL Standard Comparison {$\vert$} CockroachDB}},
	note = {[Dostopano: 17. 8. 2018]},
	howpublished = {Dosegljivo: \url{https://www.cockroachlabs.com/docs/stable/detailed-sql-support.html}}
}

@misc{influxdb,
	key = {{InfluxDB {$\vert$} The Time Series Database in the TICK Stack {$\vert$} InfluxData}},
	title = {{InfluxDB {$\vert$} The Time Series Database in the TICK Stack {$\vert$} InfluxData}},
	note = {[Dostopano: 17. 8.. 2018]},
	howpublished = {Dosegljivo: \url{https://www.influxdata.com/time-series-platform/influxdb}}
}

@misc{telegraf,
	key = {{Telegraf {$\vert$} Agent for Collecting {\&} Reporting Metrics {\&} Data {$\vert$} InfluxData}},
	title = {{Telegraf {$\vert$} Agent for Collecting {\&} Reporting Metrics {\&} Data {$\vert$} InfluxData}},
	note = {[Dostopano: 17. 8. 2018]},
	howpublished = {Dosegljivo: \url{https://www.influxdata.com/time-series-platform/telegraf}}
}

@misc{grafana,
	key = {{Grafana - The open platform for analytics and monitoring}},
	title = {{Grafana - The open platform for analytics and monitoring}},
	note = {[Dosegljivo: 17. 8. 2018]},
	howpublished = {Dosegljivo: \url{https://grafana.com}}
}

@misc{ubuntu-server,
	key = {{Ubuntu Server - for scale out workloads {$\vert$} Ubuntu}},
	title = {{Ubuntu Server - for scale out workloads {$\vert$} Ubuntu}},
	note = {[Dostopano: 17. 8. 2018]},
	howpublished = {Dosegljivo: \url{ https://www.ubuntu.com/server}}
}

@misc{docker,
	key = {{Docker}},
	title = {{Docker}},
	note = {[Dostopano: 17. 8. 2018]},
	howpublished = {Dosegljivo: \url{https://www.docker.com}}
}

@misc{crdb-kindred,
	key = {{Kindred}},
	title = {{Kindred}},
	note = {[Dostopano: 17. 8. 2018]},
	howpublished = {Dosegljivo: \url{https://www.cockroachlabs.com/customers/kindred}}
}

@misc{crdb-baidu,
	key = {{Baidu}},
	title = {{Baidu}},
	note = {[Dostopano: 17. 8. 2018]},
	howpublished = {Dosegljivo: \url{https://www.cockroachlabs.com/customers/baidu}}
}

@misc{postgres,
	key = {{PostgreSQL: The world's most advanced open source database}},
	title = {{PostgreSQL: The world's most advanced open source database}},
	note = {[Dostopano: 17. 8. 2018]},
	howpublished = {Dosegljivo: \url{https://www.postgresql.org}}
}

@misc{citus,
	key = {{Citus Community is Open Source, Scale-Out, Worry-Free Postgres}},
	title = {{Citus Community is Open Source, Scale-Out, Worry-Free Postgres}},
	note = {[Dostopano: 17. 8. 2018]},
	howpublished = {Dosegljivo: \url{https://www.citusdata.com/product/community}}
}

@misc{c9-cc,
	key = {{Chapter 9: Concurrency Control}},
	title = {{Chapter 9: Concurrency Control}},
	author = {J. Gamper},
	note = {[Dostopano: 20. 8. 2018]},
	howpublished = {Dosegljivo: \url{http://www.inf.unibz.it/dis/teaching/DDB07/ln/ddb09.pdf}}
}

@misc{spanner-home,
	key = {{Cloud Spanner {$\vert$} Automatic Sharding with Transactional Consistency at Scale {$\vert$} Cloud Spanner}},
	title = {{Cloud Spanner {$\vert$} Automatic Sharding with Transactional Consistency at Scale {$\vert$} Cloud Spanner}},
	note = {[Dostopano: 21. 8. 2018]},
	howpublished = {Dosegljivo: \url{https://cloud.google.com/spanner}}
}

@misc{nuodb-home,
	key = {{NuoDB}},
	title = {{NuoDB}},
	note = {[Dostopano: 22. 8. 2018]},
	howpublished = {Dosegljivo: \url{ https://www.nuodb.com}}
}

@misc{voltdb-home,
	key = {{In-Memory Database {$\vert$} VoltDB}},
	title = {{In-Memory Database {$\vert$} VoltDB}},
	note = {[Dostopano: 22. 8. 2018]},
	howpublished = {Dosegljivo: \url{ https://www.voltdb.com}}
}

@misc{memsql-home,
	key = {{MemSQL is the No-Limits Database Powering Modern Applications and Analytical Systems}},
	title = {{MemSQL is the No-Limits Database Powering Modern Applications and Analytical Systems}},
	note = {[Dostopano: 22. 8. 2018]},
	howpublished = {Dosegljivo: \url{https://www.memsql.com}}
}

@misc{aurora-home,
	key = {{Amazon Aurora {\textendash} Relational Database Built for the Cloud - AWS}},
	title = {{Amazon Aurora {\textendash} Relational Database Built for the Cloud - AWS}},
	note = {[Dostopano: 22. 8. 2018]},
	howpublished = {Dosegljivo: \url{https://aws.amazon.com/rds/aurora}}
}

@misc{cleardb-home,
	key = {{ClearDB {\textendash} The Ultra Reliable, Geo Distributed Data Services Platform}},
	title = {{ClearDB {\textendash} The Ultra Reliable, Geo Distributed Data Services Platform}},
	note = {[Dostopano: 22. 8. 2018]},
	howpublished = {Dosegljivo: \url{http://w2.cleardb.net}}
}

@misc{mariadb-maxscale-home,
	key = {{MariaDB MaxScale {$\vert$} Database Proxy - Database Security, HA}},
	title = {{MariaDB MaxScale {$\vert$} Database Proxy - Database Security, HA}},
	note = {[Dostopano: 22. 8. 2018]},
	howpublished = {Dosegljivo: \url{https://mariadb.com/products/technology/maxscale}}
}

@misc{scalearc-home,
	key = {{Database Performance {\&} Load Balancing Software {$\vert$} ScaleArc}},
	title = {{Database Performance {\&} Load Balancing Software {$\vert$} ScaleArc}},
	note = {[Dostopano: 22. 8. 2018]},
	howpublished = {Dosegljivo: \url{http://www.scalearc.com}}
}

@misc{agiledata-home,
	key = {{SCALING MYSQL AND BIG DATA SERVICES}},
	title = {{SCALING MYSQL AND BIG DATA SERVICES}},
	note = {[Dostopano: 22. 8. 2018]},
	howpublished = {Dosegljivo: \url{http://www.agildata.com}}
}

@misc{mysqlndbcluster-home,
	key = {{MySQL :: MySQL 5.7 Reference Manual :: 21 MySQL NDB Cluster 7.5 and NDB Cluster 7.6}},
	title = {{MySQL :: MySQL 5.7 Reference Manual :: 21 MySQL NDB Cluster 7.5 and NDB Cluster 7.6}},
	note = {[Dostopano: 22. 8. 2018]},
	howpublished = {Dosegljivo: \url{https://dev.mysql.com/doc/refman/5.7/en/mysql-cluster.html}}
}

@misc{hekaton-home,
	key = {{SQL Server In-Memory OLTP Internals for SQL Server 2016}},
	title = {{SQL Server In-Memory OLTP Internals for SQL Server 2016}},
	note = {[Dostopano: 22. 8. 2018]},
	howpublished = {Dosegljivo: \url{https://docs.microsoft.com/en-us/sql/relational-databases/in-memory-oltp/sql-server-in-memory-oltp-internals-for-sql-server-2016?view=sql-server-2017}}
}

@misc{lecture-mvcc,
  institution = {Carnegie Mellon University},
  journal = {CMU Database Systems},
  title = {Multi-Version Concurrency Control},
  author = {Pavlo, Andy},
  year = {2017},
  note = {[Dostopano: 22. 8. 2018]},
  howpublished = {Dosegljivo: \url {https://15445.courses.cs.cmu.edu/fall2017/slides/20-multiversioning.pdf}}
}

@misc{lecture-2pl,
  institution = {Carnegie Mellon University},
  journal = {CMU Database Systems},
  title = {Two-Phase Locking},
  author = {Pavlo, Andy},
  year = {2017},
  note = {[Dostopano: 22. 8. 2018]},
  howpublished = {Dosegljivo: \url {https://15445.courses.cs.cmu.edu/fall2017/slides/17-twophaselocking.pdf}}
}